% Encoding: UTF-8

@InProceedings{zhang_simulating_2017,
  author    = {\myname{Will Zhang} and Michael S. Sacks},
  title     = {Simulating the Effect of Permanent Set on Bioprosthetic Heart Valves under Cyclic Loading},
  booktitle = {14th U.S. National Congress on Computational Mechanics},
  year      = {2017},
  date      = {2017-07-17},
  address   = {Palais des Congrès de Montréal, QC, Canada.},
}

@InProceedings{zhang_permanent_2017,
  author    = {\myname{Will Zhang} and Michael S. Sacks},
  title     = {A Permanent Set Constitutive Model For Exogenously Cross-Linked Collagenous Tissues},
  booktitle = {2017 Engineering Mechanics Institute Conference},
  year      = {2017},
  date      = {2017-06-04},
  address   = {Omni San Diego Hotel, San Diego, CA},
}

@InProceedings{zhang_modeling_2017a,
  author    = {\myname{Will Zhang}},
  title     = {Modeling exogenously crosslinked tissue under cyclic loading: Permanent set as a first step},
  booktitle = {5th International Conference on Computational and Mathematical Biomedical Engineering},
  year      = {2017},
  date      = {2017-04-10},
  address   = {University of Pittsburgh, Pittsburgh, PA},
}

@InProceedings{zhang_modeling_2016,
  author    = {\myname{Will Zhang} and Michael S. Sacks},
  title     = {Modeling and Simulating Fatigue in Bioprosthetic Heart Valves: Permanent Set as a First Step},
  booktitle = {Biomedical Engineering Society 2016 Annual Meeting},
  year      = {2016},
  date      = {2016-08-05},
  address   = {Minneapolis Convention Center, Minneapolis, MN},
}

@InProceedings{zhang_modeling_2016a,
  author    = {\myname{Will Zhang} and Michael S. Sacks},
  title     = {Modeling and Simulating Fatigue in Bioprosthetic Heart Valves: Permanent Set as a First Step},
  booktitle = {Society of Engineering Science 53rd Annual Technical Meeting},
  year      = {2016},
  address   = {University of Maryland, College Park Marriott Hotel \& Conference Center, College Park, MD},
}

@InProceedings{zhang_permanent_2016,
  author    = {\myname{Will Zhang}},
  title     = {A Permanent Set Constitutive Model for Exogenously Cross-linked Collagenous Tissues},
  booktitle = {Summer Biomechanics, Bioengineering and Biotransport Conference},
  year      = {2016},
  date      = {2016-06-29},
  address   = {Gaylord National Resort \& Convention Center, National Harbor, Maryland, MD},
}

@InProceedings{zhang_simulation_2015,
  author    = {\myname{Will Zhang} and Michael S. Sacks},
  title     = {Simulation of fatigue in bioprosthetic heart valve biomaterials},
  booktitle = {6\textsuperscript{th} International Conference on Mechanics of Biomaterials and Tissues},
  year      = {2015},
  date      = {2015-12-06},
  address   = {Marriott Waikoloa Beach, Hawaii, USA},
}

@InProceedings{zhang_mesoscale_2015,
  author    = {\myname{Will Zhang} and Michael S. Sacks},
  title     = {A mesoscale model on the mechanical role of collagen and elastin within the mitral valve layers},
  booktitle = {6\textsuperscript{th} International Conference on Mechanics of Biomaterials and Tissues},
  year      = {2015},
  date      = {2015-12-06},
  address   = {Marriott Waikoloa Beach, Hawaii, USA},
}

@InProceedings{zhang_meso_2015,
  author    = {\myname{Will Zhang} and Salma Ayoub and Jun Liao and Michael S. Sacks},
  title     = {A Meso-scale Model on the Mechanical Role of Collagen and Elastin in Mitral Valve Leaflets.},
  booktitle = {Society of Engineering Science 52\textsuperscript{nd} Annual Technical Meeting},
  year      = {2015},
  date      = {2015-10-26},
  address   = {Texas A\&M University, Collegen Station, TX},
}

@InProceedings{zhang_quantification_2014,
  author    = {\myname{Will Zhang} and Christopher Carruthers and Jun Liao and Michael S. Sacks},
  title     = {Quantification and Simulation of the Mechanical Roles of Collagen and Elastin in Mitral Valve Leaflets},
  booktitle = {Biomedical Engineering Society 2014 Annual Meeting},
  year      = {2014},
  date      = {2014-10-22},
  address   = {Henry B. Gonzales Convention Center, San Antonio, TX},
}

@Comment{jabref-meta: databaseType:biblatex;}
