% Encoding: UTF-8

@Article{zhang_modeling_2017,
  author    = {\myname{Will Zhang} and Michael S. Sacks},
  title     = {Modeling the response of exogenously crosslinked tissue to cyclic loading: The effects of permanent set},
  journal   = {Journal of the Mechanical Behavior of Biomedical Materials},
  year      = {2017},
  volume    = {75},
  month     = {nov},
  pages     = {336--350},
  doi       = {10.1016/j.jmbbm.2017.07.013},
  publisher = {Elsevier {BV}},
}

@Article{lee_vivo_2017,
  author    = {Chung-Hao Lee and \myname{Will Zhang} and Kristen Feaver and Robert C. Gorman and Joseph H. Gorman and Michael S. Sacks},
  title     = {On the in vivo function of the mitral heart valve leaflet: insights into tissue{\textendash}interstitial cell biomechanical coupling},
  journal   = {Biomechanics and Modeling in Mechanobiology},
  year      = {2017},
  volume    = {16},
  number    = {5},
  pages     = {1613--1632},
  month     = {apr},
  doi       = {10.1007/s10237-017-0908-4},
  publisher = {Springer Nature},
}

@Article{tam_fixation_2017,
  author    = {Hobey Tam and \myname{Will Zhang} and D. Infante and N. Parchment and Michael S. Sacks and Naren Vyavahare},
  title     = {Fixation of Bovine Pericardium-Based Tissue Biomaterial with Irreversible Chemistry Improves Biochemical and Biomechanical Properties},
  journal   = {Journal of Cardiovascular Translational Research},
  year      = {2017},
  volume    = {10},
  number    = {2},
  pages     = {194--205},
  month     = {feb},
  doi       = {10.1007/s12265-017-9733-5},
  publisher = {Springer Nature},
}

@Article{avazmohammadi_novel_2016,
  author    = {Reza Avazmohammadi and Michael R. Hill and Marc A. Simon and \myname{Will Zhang} and Michael S. Sacks},
  title     = {A novel constitutive model for passive right ventricular myocardium: evidence for myofiber{\textendash}collagen fiber mechanical coupling},
  journal   = {Biomechanics and Modeling in Mechanobiology},
  year      = {2016},
  volume    = {16},
  number    = {2},
  pages     = {561--581},
  month     = {oct},
  doi       = {10.1007/s10237-016-0837-7},
  publisher = {Springer Nature},
}

@Article{soares_mathematical_2017,
  author    = {Jo{\~{a}}o S. Soares and \myname{Will Zhang} and Michael S. Sacks},
  title     = {A mathematical model for the determination of forming tissue moduli in needled-nonwoven scaffolds},
  journal   = {Acta Biomaterialia},
  year      = {2017},
  volume    = {51},
  pages     = {220--236},
  month     = {mar},
  doi       = {10.1016/j.actbio.2016.12.038},
  publisher = {Elsevier {BV}},
}

@Article{soares_biomechanical_2016,
  author    = {Joao S. Soares and Kristen R. Feaver and \myname{Will Zhang} and David Kamensky and Ankush Aggarwal and Michael S. Sacks},
  title     = {Biomechanical Behavior of Bioprosthetic Heart Valve Heterograft Tissues: Characterization, Simulation, and Performance},
  journal   = {Cardiovascular Engineering and Technology},
  year      = {2016},
  volume    = {7},
  number    = {4},
  pages     = {309--351},
  month     = {aug},
  doi       = {10.1007/s13239-016-0276-8},
  publisher = {Springer Nature},
}

@Article{damore_large_2016,
  author    = {Antonio D'Amore and Joao S. Soares and John A. Stella and \myname{Will Zhang} and Nicholas J. Amoroso and John E. Mayer and William R. Wagner and Michael S. Sacks},
  title     = {Large strain stimulation promotes extracellular matrix production and stiffness in an elastomeric scaffold model},
  journal   = {Journal of the Mechanical Behavior of Biomedical Materials},
  year      = {2016},
  volume    = {62},
  pages     = {619--635},
  month     = {sep},
  doi       = {10.1016/j.jmbbm.2016.05.005},
  publisher = {Elsevier {BV}},
}

@Article{zhang_meso_2016,
  author    = {\myname{Will Zhang} and Salma Ayoub and Jun Liao and Michael S. Sacks},
  title     = {A meso-scale layer-specific structural constitutive model of the mitral heart valve leaflets},
  journal   = {Acta Biomaterialia},
  year      = {2016},
  volume    = {32},
  pages     = {238--255},
  month     = {mar},
  doi       = {10.1016/j.actbio.2015.12.001},
  publisher = {Elsevier {BV}},
}

@Article{sacks_novel_2015,
  author    = {Michael S. Sacks and \myname{Will Zhang} and Silvia Wognum},
  title     = {A novel fibre-ensemble level constitutive model for exogenous cross-linked collagenous tissues},
  journal   = {Interface Focus},
  year      = {2015},
  volume    = {6},
  number    = {1},
  pages     = {20150090},
  month     = {dec},
  doi       = {10.1098/rsfs.2015.0090},
  publisher = {The Royal Society},
}

@InCollection{fata_mesoscale_2016,
  author    = {Bahar Fata and \myname{Will Zhang} and Rouzbeh Amini and Michael S. Sacks},
  title     = {Mesoscale Structural Models in the Growing Pulmonary Artery},
  booktitle = {Structure-Based Mechanics of Tissues and Organs},
  year      = {2016},
  publisher = {Springer {US}},
  pages     = {383--402},
  doi       = {10.1007/978-1-4899-7630-7\_19},
}

@Article{tam_novel_2015,
  author    = {Hobey Tam and \myname{Will Zhang} and Kristen R. Feaver and Nathaniel Parchment and Michael S. Sacks and Naren Vyavahare},
  title     = {A novel crosslinking method for improved tear resistance and~biocompatibility of tissue based biomaterials},
  journal   = {Biomaterials},
  year      = {2015},
  volume    = {66},
  pages     = {83--91},
  month     = {oct},
  doi       = {10.1016/j.biomaterials.2015.07.011},
  publisher = {Elsevier {BV}},
}

@Article{zhang_generalized_2015,
  author    = {\myname{Will Zhang} and Yuan Feng and Chung-Hao Lee and Kristen L. Billiar and Michael S. Sacks},
  title     = {A Generalized Method for the Analysis of Planar Biaxial Mechanical Data Using Tethered Testing Configurations},
  journal   = {Journal of Biomechanical Engineering},
  year      = {2015},
  volume    = {137},
  number    = {6},
  pages     = {064501},
  month     = {apr},
  doi       = {10.1115/1.4029266},
  publisher = {{ASME} International},
}

@Article{lee_presence_2015,
  author    = {Chung-Hao Lee and \myname{Will Zhang} and Jun Liao and Christopher~A. Carruthers and Jacob~I. Sacks and Michael~S. Sacks},
  title     = {On the Presence of Affine Fibril and Fiber Kinematics in the Mitral Valve Anterior Leaflet},
  journal   = {Biophysical Journal},
  year      = {2015},
  volume    = {108},
  number    = {8},
  pages     = {2074--2087},
  month     = {apr},
  doi       = {10.1016/j.bpj.2015.03.019},
  publisher = {Elsevier {BV}},
}

@Article{hill_structural_2014,
  author    = {Michael R. Hill and Marc A. Simon and Daniela Valdez-Jasso and \myname{Will Zhang} and Hunter C. Champion and Michael S. Sacks},
  title     = {Structural and Mechanical Adaptations of Right Ventricle Free Wall Myocardium to Pressure Overload},
  journal   = {Annals of Biomedical Engineering},
  year      = {2014},
  volume    = {42},
  number    = {12},
  pages     = {2451--2465},
  month     = {aug},
  doi       = {10.1007/s10439-014-1096-3},
  publisher = {Springer Nature},
}

@Article{fata_insights_2014,
  author    = {Bahar Fata and \myname{Will Zhang} and Rouzbeh Amini and Michael S. Sacks},
  title     = {Insights Into Regional Adaptations in the Growing Pulmonary Artery Using a Meso-Scale Structural Model: Effects of Ascending Aorta Impingement},
  journal   = {Journal of Biomechanical Engineering},
  year      = {2014},
  volume    = {136},
  number    = {2},
  pages     = {021009},
  month     = {feb},
  doi       = {10.1115/1.4026457},
  publisher = {{ASME} International},
}

@Comment{jabref-meta: databaseType:biblatex;}
