% Encoding: UTF-8

@InProceedings{lee_interrelationships_2016,
  author    = {Chung-Hao Lee and Kristen Feaver and \myname{Will Zhang} and Robert Gorman and Joseph Gorman and Michael Sacks},
  title     = {Interrelationships between In Vivo Tissue Stress and Interstitial Cell Deformations in the Mitral Valve Anterior Leaflet in Normal and Surgically Modified States},
  booktitle = {Biomedical Engineering Society 2016 Annual Meeting},
  year      = {2016},
  date      = {2016-08-05},
  address   = {Minneapolis Convention Center, Minneapolis, MN},
}

@InProceedings{zhang_modeling_2016b,
  author    = {\myname{Will Zhang} and Michael S. Sacks.},
  title     = {Modeling and simulation of the response of heterograft biomaterials to fatigue},
  booktitle = {10th World Biomaterial Congress},
  year      = {2016},
  date      = {2016-05-17},
  address   = {Palais des Congrès de Montréal, QC, Canada.},
}

@InProceedings{lee_inverse_2015,
  author    = {Chung-Hao Lee and Kristen Feaver and \myname{Will Zhang} and and Michael S. Sacks},
  title     = {Inverse Models for Characterization of the In-vivo Valvular Mechanical Behaviors},
  booktitle = {Society of Engineering Science 52\textsuperscript{nd} Annual Technical Meeting},
  year      = {2015},
  date      = {2015-10-26},
  address   = {Texas A\&M University, Collegen Station, TX},
}

@InProceedings{avazmohammadi_novel_2015,
  author    = {Reza Avazmohammadi and \myname{Will Zhang} and Michael S. Sacks and Michael R. Hill and Marc Simon},
  title     = {A Novel Fiber-level Structural Constitutive Model for Viable Right Ventricular Myocardium},
  booktitle = {Society of Engineering Science 52\textsuperscript{nd} Annual Technical Meeting},
  year      = {2015},
  date      = {2015-10-26},
  address   = {Texas A\&M University, Collegen Station, TX},
}

@InProceedings{soares_extracting_2015,
  author    = {Joao Soares and Antonio D'Amore and John Stella and \myname{Will Zhang} and John Mayer and Jr., William Wagner and Michael S. Sacks},
  title     = {Extracting the Enhancement of Extracellular Matrix Production and Stiffness in Large-Deformation Mechanically-Conditioned Heart Valve Tissue Engineering},
  booktitle = {Biomedical Engineering Society 2015 Annual Meeting},
  year      = {2015},
  date      = {2015-10-07},
  address   = {Tampa Convention Center, Tampa, FL},
}

@InProceedings{lee_estimation_2015,
  author    = {Chung-Hao Lee and Kristen Feaver and \myname{Will Zhang} and Robert Gorman and Joseph Gorman and Michael S. Sacks},
  title     = {Estimation of the Mitral Valve In Vivo Stresses in the Normal and Surgically Modified States},
  booktitle = {Biomedical Engineering Society 2015 Annual Meeting},
  year      = {2015},
  date      = {2015-10-07},
  address   = {Tampa Convention Center, Tampa, FL},
}

@InProceedings{feaver_response_2014,
  author    = {Kristen Feaver and \myname{Will Zhang} and Hobey Tam and Madonna Lee and Jeremy McGarvey and Chikashi Aoki and Satoshi Takebayashi and Norihiro Kondo and Robert Gorman and Joseph Gorman III and Narendra Vyavahare and Michael Sacks},
  title     = {Response of isolated bioprosthetic heart valve biomaterials to in-vivo stress},
  booktitle = {Biomedical Engineering Society 2014 Annual Meeting},
  year      = {2014},
  date      = {2014-10-22},
  address   = {Henry B. Gonzales Convention Center, San Antonio, TX},
}

@InProceedings{sacks_simulation_2014,
  author    = {Michael S. Sacks and \myname{Will Zhang}},
  title     = {Simulation of Heart Valve Fatigue},
  booktitle = {Seventh World Congress of Biomechanics},
  year      = {2014},
  date      = {2014-07-06},
  address   = {Hynes Convention Center, Boston, MA},
}

@InProceedings{feaver_estimation_2014,
  author    = {Kristen Feaver and \myname{Will Zhang} and Chung-Hao Lee and Hobey Tam and Madonna Lee and Jeremy McGarvey and Norihiro Kondo and Robert Gorman and Joseph Gorman III and Narendra Vyavahare and Michael Sacks},
  title     = {Estimation of In-Vivo Stresses of the Mitral Valve and Implications for Bioprosthetic Heart Valve Fatigue Response},
  booktitle = {Seventh World Congress of Biomechanics},
  year      = {2014},
  date      = {2014-07-06},
}

@Comment{jabref-meta: databaseType:biblatex;}
